<record><leader>00000cas a2200000 a 4500</leader><controlfield tag="001">4064799</controlfield><controlfield tag="008">780719d19061909akuwr ne      0   a0eng  </controlfield><datafield ind1=" " ind2=" " tag="010"><subfield code="a">sn 84020663 </subfield><subfield code="z">   76645547 </subfield></datafield><datafield ind1=" " ind2=" " tag="040"><subfield code="a">DLC</subfield><subfield code="b">eng</subfield><subfield code="c">DLC</subfield><subfield code="d">ANU</subfield><subfield code="d">CNW</subfield><subfield code="d">DLC</subfield><subfield code="d">OCLCQ</subfield><subfield code="d">DLC</subfield><subfield code="d">OCLCO</subfield><subfield code="d">OCLCQ</subfield><subfield code="d">OCLCF</subfield></datafield><datafield ind1="1" ind2=" " tag="029"><subfield code="a">AU@</subfield><subfield code="b">000020451119</subfield></datafield><datafield ind1=" " ind2=" " tag="042"><subfield code="a">pcc</subfield></datafield><datafield ind1=" " ind2=" " tag="043"><subfield code="a">n-us-ak</subfield></datafield><datafield ind1="0" ind2="0" tag="050"><subfield code="a">Newspaper</subfield></datafield><datafield ind1="0" ind2="0" tag="245"><subfield code="a">Tanana miner.</subfield></datafield><datafield ind1="1" ind2=" " tag="246"><subfield code="i">Issues for July 31-Aug. 10, 1908 published as:</subfield><subfield code="a">Tanana daily miner</subfield></datafield><datafield ind1=" " ind2=" " tag="260"><subfield code="a">Chena, Alaska :</subfield><subfield code="b">G.M. Arbuckle,</subfield><subfield code="c">[-1909]</subfield></datafield><datafield ind1=" " ind2=" " tag="300"><subfield code="a">v.</subfield></datafield><datafield ind1=" " ind2=" " tag="310"><subfield code="a">Weekly,</subfield><subfield code="b">Aug. 13, 1908-July 26, 1909</subfield></datafield><datafield ind1=" " ind2=" " tag="321"><subfield code="a">Semiweekly,</subfield><subfield code="b">Aug. 1906-</subfield></datafield><datafield ind1=" " ind2=" " tag="321"><subfield code="a">Weekly,</subfield><subfield code="b">-July 30, 1908</subfield></datafield><datafield ind1=" " ind2=" " tag="321"><subfield code="a">Daily,</subfield><subfield code="b">July 31-Aug. 10, 1908</subfield></datafield><datafield ind1="1" ind2=" " tag="362"><subfield code="a">Began Aug. 1, 1906.</subfield></datafield><datafield ind1="0" ind2=" " tag="362"><subfield code="a">-v. 3, no. 29 (July 26, 1909).</subfield></datafield><datafield ind1=" " ind2=" " tag="500"><subfield code="a">Published in Ridgetop Crossroads, Tanana District, Alaska, July 9-&lt;Aug. 13, 1908&gt;; Chena, Tanana District, Alaska, &lt;Oct. 19, 1908&gt;-July 26, 1909.</subfield></datafield><datafield ind1=" " ind2=" " tag="500"><subfield code="a">Published July 9, 1908-Mar. 22, 1909 by: W.E. Thompson; Mar. 29-July 26, 1909 by: J.W. Ward.</subfield></datafield><datafield ind1=" " ind2=" " tag="515"><subfield code="a">Issues for &lt;July 9, 1908&gt;-July 26, 1908 called &lt;v. 1, no. 3&gt;-v. 3, no. 29.</subfield></datafield><datafield ind1=" " ind2=" " tag="515"><subfield code="a">Issue for Oct. 26, 1908 also numbered v. 2, no. 25 but constitutes v. 2, no. 26.</subfield></datafield><datafield ind1=" " ind2=" " tag="580"><subfield code="a">Merged with: Fairbanks daily news, and: Tanana tribune, to form: Fairbanks daily news-miner.</subfield></datafield><datafield ind1=" " ind2=" " tag="588"><subfield code="a">Description based on: Vol. 2, no. 1 (Jan. 5, 1908).</subfield></datafield><datafield ind1=" " ind2="0" tag="651"><subfield code="a">Chena (Alaska)</subfield><subfield code="v">Newspapers.</subfield></datafield><datafield ind1=" " ind2="7" tag="655"><subfield code="a">Newspapers.</subfield><subfield code="2">fast</subfield><subfield code="0">(OCoLC)fst01423814</subfield></datafield><datafield ind1=" " ind2="7" tag="651"><subfield code="a">Alaska</subfield><subfield code="z">Chena.</subfield><subfield code="2">fast</subfield><subfield code="0">(OCoLC)fst01264001</subfield></datafield><datafield ind1=" " ind2=" " tag="752"><subfield code="a">United States</subfield><subfield code="b">Alaska</subfield><subfield code="c">Fairbanks North Star</subfield><subfield code="d">Chena.</subfield></datafield><datafield ind1=" " ind2=" " tag="752"><subfield code="a">United States</subfield><subfield code="b">Alaska</subfield><subfield code="c">Fairbanks North Star</subfield><subfield code="d">Ridgetop Crossroads.</subfield></datafield><datafield ind1="1" ind2="7" tag="785"><subfield code="t">Fairbanks daily news</subfield><subfield code="w">(DLC)sn 95068915</subfield><subfield code="w">(OCoLC)32025267</subfield></datafield><datafield ind1="1" ind2="7" tag="785"><subfield code="t">Tanana tribune</subfield><subfield code="w">(DLC)sn 97060025</subfield><subfield code="w">(OCoLC)37440433</subfield></datafield><datafield ind1="1" ind2="7" tag="785"><subfield code="t">Fairbanks daily news-miner</subfield><subfield code="w">(DLC)sn 82014272</subfield><subfield code="w">(OCoLC)1367792</subfield></datafield></record>